@inproceedings{junaid2022bangla,
title={Bangla Food Review Sentimental Analysis using Machine Learning},
author={Junaid, Mohd Istiaq Hossain and Hossain, Faisal and Upal, Udyan
Saha and Tameem, Anjana and Kashim, Abul and Fahmin, Ahmed},
booktitle={2022 IEEE 12th Annual Computing and Communication Workshop and
Conference (CCWC)},
pages={0347--0353},
year={2022},
organization={IEEE}

}@article{manandhar19online,
  title={Online Shopping Behavior on Food Order in Nepal},
  author={Manandhar, Raju Bhai},
  journal={MANAGEMENT FUNCTIONS IN COVID-19 ERA},
  pages={249}
}

@inproceedings{zhang2021qualitative,
title={Qualitative Analysis of DoorDash},
author={Zhang, Yiwen},
booktitle={2021 3rd International Conference on Economic Management and
Cultural Industry (ICEMCI 2021)},
pages={65--68},
year={2021},
organization={Atlantis Press}
}

@article{panigrahi2020case,
  title={A case study on Zomato--The online Foodking of India},
  author={Panigrahi, CMA and others},
  journal={Journal of Management Research and Analysis},
  volume={7},
  number={1},
  pages={25--33},
  year={2020}
}

@article{bell2012domino,
  title={Domino's Pizza},
  author={Bell, David E and Andrews, Phillip and Shelman, Mary L},
  journal={Harvard Business School Marketing Unit Case},
  number={512-004},
  year={2012}
}